%YAML 1.1
%TAG !u! tag:unity3d.com,2011:
--- !u!1 &4267810614728770457
GameObject:
  m_ObjectHideFlags: 0
  m_CorrespondingSourceObject: {fileID: 0}
  m_PrefabInstance: {fileID: 0}
  m_PrefabAsset: {fileID: 0}
  serializedVersion: 6
  m_Component:
  - component: {fileID: 4267810614728770461}
  - component: {fileID: 4267810614728770460}
  - component: {fileID: 4267810614728770463}
  - component: {fileID: 4267810614728770462}
  m_Layer: 9
  m_Name: TileSurface6
  m_TagString: floor
  m_Icon: {fileID: 0}
  m_NavMeshLayer: 0
  m_StaticEditorFlags: 0
  m_IsActive: 1
--- !u!4 &4267810614728770461
Transform:
  m_ObjectHideFlags: 0
  m_CorrespondingSourceObject: {fileID: 0}
  m_PrefabInstance: {fileID: 0}
  m_PrefabAsset: {fileID: 0}
  m_GameObject: {fileID: 4267810614728770457}
  m_LocalRotation: {x: 0, y: 0, z: 0, w: 1}
  m_LocalPosition: {x: 0, y: 0, z: 0}
  m_LocalScale: {x: 10, y: 0.5, z: 15}
  m_Children:
  - {fileID: 4748402927074456742}
  - {fileID: 6373438721499295280}
  - {fileID: 9084074401995515916}
  - {fileID: 2767797322158506303}
  - {fileID: 3318782052753689228}
  - {fileID: 6064988634829504180}
  - {fileID: 5361296264115678883}
  - {fileID: 724412889084935220}
  - {fileID: 4963931616965651901}
  - {fileID: 2182799905690333129}
  - {fileID: 2478455227296317444}
  - {fileID: 2822004713258355053}
  - {fileID: 6795549504627340834}
  m_Father: {fileID: 0}
  m_RootOrder: 0
  m_LocalEulerAnglesHint: {x: 0, y: 0, z: 0}
--- !u!33 &4267810614728770460
MeshFilter:
  m_ObjectHideFlags: 0
  m_CorrespondingSourceObject: {fileID: 0}
  m_PrefabInstance: {fileID: 0}
  m_PrefabAsset: {fileID: 0}
  m_GameObject: {fileID: 4267810614728770457}
  m_Mesh: {fileID: 10202, guid: 0000000000000000e000000000000000, type: 0}
--- !u!23 &4267810614728770463
MeshRenderer:
  m_ObjectHideFlags: 0
  m_CorrespondingSourceObject: {fileID: 0}
  m_PrefabInstance: {fileID: 0}
  m_PrefabAsset: {fileID: 0}
  m_GameObject: {fileID: 4267810614728770457}
  m_Enabled: 1
  m_CastShadows: 1
  m_ReceiveShadows: 1
  m_DynamicOccludee: 1
  m_MotionVectors: 1
  m_LightProbeUsage: 1
  m_ReflectionProbeUsage: 1
  m_RenderingLayerMask: 1
  m_RendererPriority: 0
  m_Materials:
  - {fileID: 2100000, guid: f5050b73b7283ff478e4f3343bae2be7, type: 2}
  m_StaticBatchInfo:
    firstSubMesh: 0
    subMeshCount: 0
  m_StaticBatchRoot: {fileID: 0}
  m_ProbeAnchor: {fileID: 0}
  m_LightProbeVolumeOverride: {fileID: 0}
  m_ScaleInLightmap: 1
  m_PreserveUVs: 0
  m_IgnoreNormalsForChartDetection: 0
  m_ImportantGI: 0
  m_StitchLightmapSeams: 0
  m_SelectedEditorRenderState: 3
  m_MinimumChartSize: 4
  m_AutoUVMaxDistance: 0.5
  m_AutoUVMaxAngle: 89
  m_LightmapParameters: {fileID: 0}
  m_SortingLayerID: 0
  m_SortingLayer: 0
  m_SortingOrder: 0
--- !u!65 &4267810614728770462
BoxCollider:
  m_ObjectHideFlags: 0
  m_CorrespondingSourceObject: {fileID: 0}
  m_PrefabInstance: {fileID: 0}
  m_PrefabAsset: {fileID: 0}
  m_GameObject: {fileID: 4267810614728770457}
  m_Material: {fileID: 13400000, guid: 3d06777b1e04933409a5098642a05fa8, type: 2}
  m_IsTrigger: 0
  m_Enabled: 1
  serializedVersion: 2
  m_Size: {x: 1, y: 1, z: 1}
  m_Center: {x: 0, y: 0, z: 0}
--- !u!1001 &721252531011430852
PrefabInstance:
  m_ObjectHideFlags: 0
  serializedVersion: 2
  m_Modification:
    m_TransformParent: {fileID: 4267810614728770461}
    m_Modifications:
    - target: {fileID: 4440876811458032, guid: d1023b14c86a3f848b19c787b932909c, type: 3}
      propertyPath: m_LocalPosition.x
      value: -0.44859
      objectReference: {fileID: 0}
    - target: {fileID: 4440876811458032, guid: d1023b14c86a3f848b19c787b932909c, type: 3}
      propertyPath: m_LocalPosition.y
      value: -0.0071428
      objectReference: {fileID: 0}
    - target: {fileID: 4440876811458032, guid: d1023b14c86a3f848b19c787b932909c, type: 3}
      propertyPath: m_LocalPosition.z
      value: 0.14
      objectReference: {fileID: 0}
    - target: {fileID: 4440876811458032, guid: d1023b14c86a3f848b19c787b932909c, type: 3}
      propertyPath: m_LocalRotation.x
      value: -0
      objectReference: {fileID: 0}
    - target: {fileID: 4440876811458032, guid: d1023b14c86a3f848b19c787b932909c, type: 3}
      propertyPath: m_LocalRotation.y
      value: -0
      objectReference: {fileID: 0}
    - target: {fileID: 4440876811458032, guid: d1023b14c86a3f848b19c787b932909c, type: 3}
      propertyPath: m_LocalRotation.z
      value: -0
      objectReference: {fileID: 0}
    - target: {fileID: 4440876811458032, guid: d1023b14c86a3f848b19c787b932909c, type: 3}
      propertyPath: m_LocalRotation.w
      value: 1
      objectReference: {fileID: 0}
    - target: {fileID: 4440876811458032, guid: d1023b14c86a3f848b19c787b932909c, type: 3}
      propertyPath: m_RootOrder
      value: 7
      objectReference: {fileID: 0}
    - target: {fileID: 4440876811458032, guid: d1023b14c86a3f848b19c787b932909c, type: 3}
      propertyPath: m_LocalEulerAnglesHint.x
      value: 0
      objectReference: {fileID: 0}
    - target: {fileID: 4440876811458032, guid: d1023b14c86a3f848b19c787b932909c, type: 3}
      propertyPath: m_LocalEulerAnglesHint.y
      value: 0
      objectReference: {fileID: 0}
    - target: {fileID: 4440876811458032, guid: d1023b14c86a3f848b19c787b932909c, type: 3}
      propertyPath: m_LocalEulerAnglesHint.z
      value: 0
      objectReference: {fileID: 0}
    - target: {fileID: 4440876811458032, guid: d1023b14c86a3f848b19c787b932909c, type: 3}
      propertyPath: m_LocalScale.x
      value: 0.14776
      objectReference: {fileID: 0}
    - target: {fileID: 4440876811458032, guid: d1023b14c86a3f848b19c787b932909c, type: 3}
      propertyPath: m_LocalScale.y
      value: 2.9552
      objectReference: {fileID: 0}
    - target: {fileID: 4440876811458032, guid: d1023b14c86a3f848b19c787b932909c, type: 3}
      propertyPath: m_LocalScale.z
      value: 0.09850667
      objectReference: {fileID: 0}
    - target: {fileID: 1803073914131746, guid: d1023b14c86a3f848b19c787b932909c, type: 3}
      propertyPath: m_Name
      value: PREFAB_medium_rock_02
      objectReference: {fileID: 0}
    - target: {fileID: 64965769052685894, guid: d1023b14c86a3f848b19c787b932909c,
        type: 3}
      propertyPath: m_Enabled
      value: 0
      objectReference: {fileID: 0}
    m_RemovedComponents:
    - {fileID: 64965769052685894, guid: d1023b14c86a3f848b19c787b932909c, type: 3}
  m_SourcePrefab: {fileID: 100100000, guid: d1023b14c86a3f848b19c787b932909c, type: 3}
--- !u!4 &724412889084935220 stripped
Transform:
  m_CorrespondingSourceObject: {fileID: 4440876811458032, guid: d1023b14c86a3f848b19c787b932909c,
    type: 3}
  m_PrefabInstance: {fileID: 721252531011430852}
  m_PrefabAsset: {fileID: 0}
--- !u!1001 &1617150308817199607
PrefabInstance:
  m_ObjectHideFlags: 0
  serializedVersion: 2
  m_Modification:
    m_TransformParent: {fileID: 4267810614728770461}
    m_Modifications:
    - target: {fileID: 4781255608562795363, guid: cdbc06a4605e41a4abfd07074d36766d,
        type: 3}
      propertyPath: m_Name
      value: PREFAB_pine_tree_03
      objectReference: {fileID: 0}
    - target: {fileID: 4781255608562966339, guid: cdbc06a4605e41a4abfd07074d36766d,
        type: 3}
      propertyPath: m_LocalPosition.x
      value: -0.47599316
      objectReference: {fileID: 0}
    - target: {fileID: 4781255608562966339, guid: cdbc06a4605e41a4abfd07074d36766d,
        type: 3}
      propertyPath: m_LocalPosition.y
      value: -0.3
      objectReference: {fileID: 0}
    - target: {fileID: 4781255608562966339, guid: cdbc06a4605e41a4abfd07074d36766d,
        type: 3}
      propertyPath: m_LocalPosition.z
      value: -0.053712957
      objectReference: {fileID: 0}
    - target: {fileID: 4781255608562966339, guid: cdbc06a4605e41a4abfd07074d36766d,
        type: 3}
      propertyPath: m_LocalRotation.x
      value: -0
      objectReference: {fileID: 0}
    - target: {fileID: 4781255608562966339, guid: cdbc06a4605e41a4abfd07074d36766d,
        type: 3}
      propertyPath: m_LocalRotation.y
      value: -0
      objectReference: {fileID: 0}
    - target: {fileID: 4781255608562966339, guid: cdbc06a4605e41a4abfd07074d36766d,
        type: 3}
      propertyPath: m_LocalRotation.z
      value: -0
      objectReference: {fileID: 0}
    - target: {fileID: 4781255608562966339, guid: cdbc06a4605e41a4abfd07074d36766d,
        type: 3}
      propertyPath: m_LocalRotation.w
      value: 1
      objectReference: {fileID: 0}
    - target: {fileID: 4781255608562966339, guid: cdbc06a4605e41a4abfd07074d36766d,
        type: 3}
      propertyPath: m_RootOrder
      value: 5
      objectReference: {fileID: 0}
    - target: {fileID: 4781255608562966339, guid: cdbc06a4605e41a4abfd07074d36766d,
        type: 3}
      propertyPath: m_LocalEulerAnglesHint.x
      value: 0
      objectReference: {fileID: 0}
    - target: {fileID: 4781255608562966339, guid: cdbc06a4605e41a4abfd07074d36766d,
        type: 3}
      propertyPath: m_LocalEulerAnglesHint.y
      value: 0
      objectReference: {fileID: 0}
    - target: {fileID: 4781255608562966339, guid: cdbc06a4605e41a4abfd07074d36766d,
        type: 3}
      propertyPath: m_LocalEulerAnglesHint.z
      value: 0
      objectReference: {fileID: 0}
    - target: {fileID: 4781255608562966339, guid: cdbc06a4605e41a4abfd07074d36766d,
        type: 3}
      propertyPath: m_LocalScale.x
      value: 0.1
      objectReference: {fileID: 0}
    - target: {fileID: 4781255608562966339, guid: cdbc06a4605e41a4abfd07074d36766d,
        type: 3}
      propertyPath: m_LocalScale.y
      value: 2
      objectReference: {fileID: 0}
    - target: {fileID: 4781255608562966339, guid: cdbc06a4605e41a4abfd07074d36766d,
        type: 3}
      propertyPath: m_LocalScale.z
      value: 0.06666667
      objectReference: {fileID: 0}
    m_RemovedComponents:
    - {fileID: 8912846783078301355, guid: cdbc06a4605e41a4abfd07074d36766d, type: 3}
  m_SourcePrefab: {fileID: 100100000, guid: cdbc06a4605e41a4abfd07074d36766d, type: 3}
--- !u!4 &6064988634829504180 stripped
Transform:
  m_CorrespondingSourceObject: {fileID: 4781255608562966339, guid: cdbc06a4605e41a4abfd07074d36766d,
    type: 3}
  m_PrefabInstance: {fileID: 1617150308817199607}
  m_PrefabAsset: {fileID: 0}
--- !u!1001 &2182799905690203465
PrefabInstance:
  m_ObjectHideFlags: 0
  serializedVersion: 2
  m_Modification:
    m_TransformParent: {fileID: 4267810614728770461}
    m_Modifications:
    - target: {fileID: 100000, guid: d699d16b42db60a4da9629e85a0522c5, type: 3}
      propertyPath: m_Name
      value: Cavern_Bush-03
      objectReference: {fileID: 0}
    - target: {fileID: 400000, guid: d699d16b42db60a4da9629e85a0522c5, type: 3}
      propertyPath: m_LocalPosition.x
      value: -0.546
      objectReference: {fileID: 0}
    - target: {fileID: 400000, guid: d699d16b42db60a4da9629e85a0522c5, type: 3}
      propertyPath: m_LocalPosition.y
      value: -1.36
      objectReference: {fileID: 0}
    - target: {fileID: 400000, guid: d699d16b42db60a4da9629e85a0522c5, type: 3}
      propertyPath: m_LocalPosition.z
      value: -0.057
      objectReference: {fileID: 0}
    - target: {fileID: 400000, guid: d699d16b42db60a4da9629e85a0522c5, type: 3}
      propertyPath: m_LocalRotation.x
      value: -0.7071068
      objectReference: {fileID: 0}
    - target: {fileID: 400000, guid: d699d16b42db60a4da9629e85a0522c5, type: 3}
      propertyPath: m_LocalRotation.y
      value: -0
      objectReference: {fileID: 0}
    - target: {fileID: 400000, guid: d699d16b42db60a4da9629e85a0522c5, type: 3}
      propertyPath: m_LocalRotation.z
      value: -0
      objectReference: {fileID: 0}
    - target: {fileID: 400000, guid: d699d16b42db60a4da9629e85a0522c5, type: 3}
      propertyPath: m_LocalRotation.w
      value: 0.7071068
      objectReference: {fileID: 0}
    - target: {fileID: 400000, guid: d699d16b42db60a4da9629e85a0522c5, type: 3}
      propertyPath: m_RootOrder
      value: 9
      objectReference: {fileID: 0}
    - target: {fileID: 400000, guid: d699d16b42db60a4da9629e85a0522c5, type: 3}
      propertyPath: m_LocalEulerAnglesHint.x
      value: 0
      objectReference: {fileID: 0}
    - target: {fileID: 400000, guid: d699d16b42db60a4da9629e85a0522c5, type: 3}
      propertyPath: m_LocalEulerAnglesHint.y
      value: 0
      objectReference: {fileID: 0}
    - target: {fileID: 400000, guid: d699d16b42db60a4da9629e85a0522c5, type: 3}
      propertyPath: m_LocalEulerAnglesHint.z
      value: 0
      objectReference: {fileID: 0}
    - target: {fileID: 400000, guid: d699d16b42db60a4da9629e85a0522c5, type: 3}
      propertyPath: m_LocalScale.x
      value: 0.1
      objectReference: {fileID: 0}
    - target: {fileID: 400000, guid: d699d16b42db60a4da9629e85a0522c5, type: 3}
      propertyPath: m_LocalScale.y
      value: 0.0666667
      objectReference: {fileID: 0}
    - target: {fileID: 400000, guid: d699d16b42db60a4da9629e85a0522c5, type: 3}
      propertyPath: m_LocalScale.z
      value: 2.000001
      objectReference: {fileID: 0}
    m_RemovedComponents: []
  m_SourcePrefab: {fileID: 100100000, guid: d699d16b42db60a4da9629e85a0522c5, type: 3}
--- !u!4 &2182799905690333129 stripped
Transform:
  m_CorrespondingSourceObject: {fileID: 400000, guid: d699d16b42db60a4da9629e85a0522c5,
    type: 3}
  m_PrefabInstance: {fileID: 2182799905690203465}
  m_PrefabAsset: {fileID: 0}
--- !u!1001 &2478455227296193156
PrefabInstance:
  m_ObjectHideFlags: 0
  serializedVersion: 2
  m_Modification:
    m_TransformParent: {fileID: 4267810614728770461}
    m_Modifications:
    - target: {fileID: 100000, guid: d699d16b42db60a4da9629e85a0522c5, type: 3}
      propertyPath: m_Name
      value: Cavern_Bush-03 (1)
      objectReference: {fileID: 0}
    - target: {fileID: 400000, guid: d699d16b42db60a4da9629e85a0522c5, type: 3}
      propertyPath: m_LocalPosition.x
      value: 0.48149672
      objectReference: {fileID: 0}
    - target: {fileID: 400000, guid: d699d16b42db60a4da9629e85a0522c5, type: 3}
      propertyPath: m_LocalPosition.y
      value: -0.53
      objectReference: {fileID: 0}
    - target: {fileID: 400000, guid: d699d16b42db60a4da9629e85a0522c5, type: 3}
      propertyPath: m_LocalPosition.z
      value: 0.38771465
      objectReference: {fileID: 0}
    - target: {fileID: 400000, guid: d699d16b42db60a4da9629e85a0522c5, type: 3}
      propertyPath: m_LocalRotation.x
      value: -0.7071068
      objectReference: {fileID: 0}
    - target: {fileID: 400000, guid: d699d16b42db60a4da9629e85a0522c5, type: 3}
      propertyPath: m_LocalRotation.y
      value: -0
      objectReference: {fileID: 0}
    - target: {fileID: 400000, guid: d699d16b42db60a4da9629e85a0522c5, type: 3}
      propertyPath: m_LocalRotation.z
      value: -0
      objectReference: {fileID: 0}
    - target: {fileID: 400000, guid: d699d16b42db60a4da9629e85a0522c5, type: 3}
      propertyPath: m_LocalRotation.w
      value: 0.7071068
      objectReference: {fileID: 0}
    - target: {fileID: 400000, guid: d699d16b42db60a4da9629e85a0522c5, type: 3}
      propertyPath: m_RootOrder
      value: 10
      objectReference: {fileID: 0}
    - target: {fileID: 400000, guid: d699d16b42db60a4da9629e85a0522c5, type: 3}
      propertyPath: m_LocalEulerAnglesHint.x
      value: 0
      objectReference: {fileID: 0}
    - target: {fileID: 400000, guid: d699d16b42db60a4da9629e85a0522c5, type: 3}
      propertyPath: m_LocalEulerAnglesHint.y
      value: 0
      objectReference: {fileID: 0}
    - target: {fileID: 400000, guid: d699d16b42db60a4da9629e85a0522c5, type: 3}
      propertyPath: m_LocalEulerAnglesHint.z
      value: 0
      objectReference: {fileID: 0}
    - target: {fileID: 400000, guid: d699d16b42db60a4da9629e85a0522c5, type: 3}
      propertyPath: m_LocalScale.x
      value: 0.1
      objectReference: {fileID: 0}
    - target: {fileID: 400000, guid: d699d16b42db60a4da9629e85a0522c5, type: 3}
      propertyPath: m_LocalScale.y
      value: 0.0666667
      objectReference: {fileID: 0}
    - target: {fileID: 400000, guid: d699d16b42db60a4da9629e85a0522c5, type: 3}
      propertyPath: m_LocalScale.z
      value: 2.000001
      objectReference: {fileID: 0}
    m_RemovedComponents: []
  m_SourcePrefab: {fileID: 100100000, guid: d699d16b42db60a4da9629e85a0522c5, type: 3}
--- !u!4 &2478455227296317444 stripped
Transform:
  m_CorrespondingSourceObject: {fileID: 400000, guid: d699d16b42db60a4da9629e85a0522c5,
    type: 3}
  m_PrefabInstance: {fileID: 2478455227296193156}
  m_PrefabAsset: {fileID: 0}
--- !u!1001 &2772294339419993687
PrefabInstance:
  m_ObjectHideFlags: 0
  serializedVersion: 2
  m_Modification:
    m_TransformParent: {fileID: 4267810614728770461}
    m_Modifications:
    - target: {fileID: 4532201768974184, guid: b078fa10d6103db4eab1c89548b6e1ee, type: 3}
      propertyPath: m_LocalPosition.x
      value: 0.407
      objectReference: {fileID: 0}
    - target: {fileID: 4532201768974184, guid: b078fa10d6103db4eab1c89548b6e1ee, type: 3}
      propertyPath: m_LocalPosition.y
      value: 0.1
      objectReference: {fileID: 0}
    - target: {fileID: 4532201768974184, guid: b078fa10d6103db4eab1c89548b6e1ee, type: 3}
      propertyPath: m_LocalPosition.z
      value: -0.368
      objectReference: {fileID: 0}
    - target: {fileID: 4532201768974184, guid: b078fa10d6103db4eab1c89548b6e1ee, type: 3}
      propertyPath: m_LocalRotation.x
      value: -0
      objectReference: {fileID: 0}
    - target: {fileID: 4532201768974184, guid: b078fa10d6103db4eab1c89548b6e1ee, type: 3}
      propertyPath: m_LocalRotation.y
      value: -0
      objectReference: {fileID: 0}
    - target: {fileID: 4532201768974184, guid: b078fa10d6103db4eab1c89548b6e1ee, type: 3}
      propertyPath: m_LocalRotation.z
      value: -0
      objectReference: {fileID: 0}
    - target: {fileID: 4532201768974184, guid: b078fa10d6103db4eab1c89548b6e1ee, type: 3}
      propertyPath: m_LocalRotation.w
      value: 1
      objectReference: {fileID: 0}
    - target: {fileID: 4532201768974184, guid: b078fa10d6103db4eab1c89548b6e1ee, type: 3}
      propertyPath: m_RootOrder
      value: 3
      objectReference: {fileID: 0}
    - target: {fileID: 4532201768974184, guid: b078fa10d6103db4eab1c89548b6e1ee, type: 3}
      propertyPath: m_LocalEulerAnglesHint.x
      value: 0
      objectReference: {fileID: 0}
    - target: {fileID: 4532201768974184, guid: b078fa10d6103db4eab1c89548b6e1ee, type: 3}
      propertyPath: m_LocalEulerAnglesHint.y
      value: 0
      objectReference: {fileID: 0}
    - target: {fileID: 4532201768974184, guid: b078fa10d6103db4eab1c89548b6e1ee, type: 3}
      propertyPath: m_LocalEulerAnglesHint.z
      value: 0
      objectReference: {fileID: 0}
    - target: {fileID: 4532201768974184, guid: b078fa10d6103db4eab1c89548b6e1ee, type: 3}
      propertyPath: m_LocalScale.x
      value: 0.1
      objectReference: {fileID: 0}
    - target: {fileID: 4532201768974184, guid: b078fa10d6103db4eab1c89548b6e1ee, type: 3}
      propertyPath: m_LocalScale.y
      value: 2
      objectReference: {fileID: 0}
    - target: {fileID: 4532201768974184, guid: b078fa10d6103db4eab1c89548b6e1ee, type: 3}
      propertyPath: m_LocalScale.z
      value: 0.06666667
      objectReference: {fileID: 0}
    - target: {fileID: 1362405395088598, guid: b078fa10d6103db4eab1c89548b6e1ee, type: 3}
      propertyPath: m_Name
      value: PREFAB_oak_stump
      objectReference: {fileID: 0}
    - target: {fileID: 64592279316174912, guid: b078fa10d6103db4eab1c89548b6e1ee,
        type: 3}
      propertyPath: m_Enabled
      value: 0
      objectReference: {fileID: 0}
    m_RemovedComponents:
    - {fileID: 64592279316174912, guid: b078fa10d6103db4eab1c89548b6e1ee, type: 3}
  m_SourcePrefab: {fileID: 100100000, guid: b078fa10d6103db4eab1c89548b6e1ee, type: 3}
--- !u!4 &2767797322158506303 stripped
Transform:
  m_CorrespondingSourceObject: {fileID: 4532201768974184, guid: b078fa10d6103db4eab1c89548b6e1ee,
    type: 3}
  m_PrefabInstance: {fileID: 2772294339419993687}
  m_PrefabAsset: {fileID: 0}
--- !u!1001 &2822004713257964525
PrefabInstance:
  m_ObjectHideFlags: 0
  serializedVersion: 2
  m_Modification:
    m_TransformParent: {fileID: 4267810614728770461}
    m_Modifications:
    - target: {fileID: 100000, guid: b4b60da9d61c5ce4e8d93f2d187a8f1d, type: 3}
      propertyPath: m_Name
      value: CrystalCubeCluster_E
      objectReference: {fileID: 0}
    - target: {fileID: 400000, guid: b4b60da9d61c5ce4e8d93f2d187a8f1d, type: 3}
      propertyPath: m_LocalPosition.x
      value: -0.38298
      objectReference: {fileID: 0}
    - target: {fileID: 400000, guid: b4b60da9d61c5ce4e8d93f2d187a8f1d, type: 3}
      propertyPath: m_LocalPosition.y
      value: 0.11
      objectReference: {fileID: 0}
    - target: {fileID: 400000, guid: b4b60da9d61c5ce4e8d93f2d187a8f1d, type: 3}
      propertyPath: m_LocalPosition.z
      value: -0.059487
      objectReference: {fileID: 0}
    - target: {fileID: 400000, guid: b4b60da9d61c5ce4e8d93f2d187a8f1d, type: 3}
      propertyPath: m_LocalRotation.x
      value: 0.000000021855694
      objectReference: {fileID: 0}
    - target: {fileID: 400000, guid: b4b60da9d61c5ce4e8d93f2d187a8f1d, type: 3}
      propertyPath: m_LocalRotation.y
      value: -0
      objectReference: {fileID: 0}
    - target: {fileID: 400000, guid: b4b60da9d61c5ce4e8d93f2d187a8f1d, type: 3}
      propertyPath: m_LocalRotation.z
      value: -0
      objectReference: {fileID: 0}
    - target: {fileID: 400000, guid: b4b60da9d61c5ce4e8d93f2d187a8f1d, type: 3}
      propertyPath: m_LocalRotation.w
      value: 1
      objectReference: {fileID: 0}
    - target: {fileID: 400000, guid: b4b60da9d61c5ce4e8d93f2d187a8f1d, type: 3}
      propertyPath: m_RootOrder
      value: 11
      objectReference: {fileID: 0}
    - target: {fileID: 400000, guid: b4b60da9d61c5ce4e8d93f2d187a8f1d, type: 3}
      propertyPath: m_LocalEulerAnglesHint.x
      value: 0
      objectReference: {fileID: 0}
    - target: {fileID: 400000, guid: b4b60da9d61c5ce4e8d93f2d187a8f1d, type: 3}
      propertyPath: m_LocalEulerAnglesHint.y
      value: 0
      objectReference: {fileID: 0}
    - target: {fileID: 400000, guid: b4b60da9d61c5ce4e8d93f2d187a8f1d, type: 3}
      propertyPath: m_LocalEulerAnglesHint.z
      value: 0
      objectReference: {fileID: 0}
    - target: {fileID: 400000, guid: b4b60da9d61c5ce4e8d93f2d187a8f1d, type: 3}
      propertyPath: m_LocalScale.x
      value: 0.043463003
      objectReference: {fileID: 0}
    - target: {fileID: 400000, guid: b4b60da9d61c5ce4e8d93f2d187a8f1d, type: 3}
      propertyPath: m_LocalScale.y
      value: 0.86926
      objectReference: {fileID: 0}
    - target: {fileID: 400000, guid: b4b60da9d61c5ce4e8d93f2d187a8f1d, type: 3}
      propertyPath: m_LocalScale.z
      value: 0.028975336
      objectReference: {fileID: 0}
    - target: {fileID: 2300000, guid: b4b60da9d61c5ce4e8d93f2d187a8f1d, type: 3}
      propertyPath: m_Materials.Array.data[0]
      value: 
      objectReference: {fileID: 2100000, guid: 2473512ecd8a877408aa69a80b6467fd, type: 2}
    m_RemovedComponents: []
  m_SourcePrefab: {fileID: 100100000, guid: b4b60da9d61c5ce4e8d93f2d187a8f1d, type: 3}
--- !u!4 &2822004713258355053 stripped
Transform:
  m_CorrespondingSourceObject: {fileID: 400000, guid: b4b60da9d61c5ce4e8d93f2d187a8f1d,
    type: 3}
  m_PrefabInstance: {fileID: 2822004713257964525}
  m_PrefabAsset: {fileID: 0}
--- !u!1001 &3323149269123043872
PrefabInstance:
  m_ObjectHideFlags: 0
  serializedVersion: 2
  m_Modification:
    m_TransformParent: {fileID: 4267810614728770461}
    m_Modifications:
    - target: {fileID: 4675218819700908, guid: 5c13d4d34b4db0b4a9225027d47fbd12, type: 3}
      propertyPath: m_LocalPosition.x
      value: 0.467
      objectReference: {fileID: 0}
    - target: {fileID: 4675218819700908, guid: 5c13d4d34b4db0b4a9225027d47fbd12, type: 3}
      propertyPath: m_LocalPosition.y
      value: -0.32999992
      objectReference: {fileID: 0}
    - target: {fileID: 4675218819700908, guid: 5c13d4d34b4db0b4a9225027d47fbd12, type: 3}
      propertyPath: m_LocalPosition.z
      value: -0.06
      objectReference: {fileID: 0}
    - target: {fileID: 4675218819700908, guid: 5c13d4d34b4db0b4a9225027d47fbd12, type: 3}
      propertyPath: m_LocalRotation.x
      value: -0
      objectReference: {fileID: 0}
    - target: {fileID: 4675218819700908, guid: 5c13d4d34b4db0b4a9225027d47fbd12, type: 3}
      propertyPath: m_LocalRotation.y
      value: -0.7212469
      objectReference: {fileID: 0}
    - target: {fileID: 4675218819700908, guid: 5c13d4d34b4db0b4a9225027d47fbd12, type: 3}
      propertyPath: m_LocalRotation.z
      value: -0
      objectReference: {fileID: 0}
    - target: {fileID: 4675218819700908, guid: 5c13d4d34b4db0b4a9225027d47fbd12, type: 3}
      propertyPath: m_LocalRotation.w
      value: 0.6926781
      objectReference: {fileID: 0}
    - target: {fileID: 4675218819700908, guid: 5c13d4d34b4db0b4a9225027d47fbd12, type: 3}
      propertyPath: m_RootOrder
      value: 4
      objectReference: {fileID: 0}
    - target: {fileID: 4675218819700908, guid: 5c13d4d34b4db0b4a9225027d47fbd12, type: 3}
      propertyPath: m_LocalEulerAnglesHint.x
      value: 0
      objectReference: {fileID: 0}
    - target: {fileID: 4675218819700908, guid: 5c13d4d34b4db0b4a9225027d47fbd12, type: 3}
      propertyPath: m_LocalEulerAnglesHint.y
      value: -92.315
      objectReference: {fileID: 0}
    - target: {fileID: 4675218819700908, guid: 5c13d4d34b4db0b4a9225027d47fbd12, type: 3}
      propertyPath: m_LocalEulerAnglesHint.z
      value: 0
      objectReference: {fileID: 0}
    - target: {fileID: 4675218819700908, guid: 5c13d4d34b4db0b4a9225027d47fbd12, type: 3}
      propertyPath: m_LocalScale.x
      value: 0.036241237
      objectReference: {fileID: 0}
    - target: {fileID: 4675218819700908, guid: 5c13d4d34b4db0b4a9225027d47fbd12, type: 3}
      propertyPath: m_LocalScale.y
      value: 0.95158
      objectReference: {fileID: 0}
    - target: {fileID: 4675218819700908, guid: 5c13d4d34b4db0b4a9225027d47fbd12, type: 3}
      propertyPath: m_LocalScale.z
      value: 0.031719334
      objectReference: {fileID: 0}
    - target: {fileID: 1987854410965326, guid: 5c13d4d34b4db0b4a9225027d47fbd12, type: 3}
      propertyPath: m_Name
      value: PREFAB_large_rock_03
      objectReference: {fileID: 0}
    - target: {fileID: 64634044424827062, guid: 5c13d4d34b4db0b4a9225027d47fbd12,
        type: 3}
      propertyPath: m_Enabled
      value: 0
      objectReference: {fileID: 0}
    m_RemovedComponents:
    - {fileID: 64634044424827062, guid: 5c13d4d34b4db0b4a9225027d47fbd12, type: 3}
  m_SourcePrefab: {fileID: 100100000, guid: 5c13d4d34b4db0b4a9225027d47fbd12, type: 3}
--- !u!4 &3318782052753689228 stripped
Transform:
  m_CorrespondingSourceObject: {fileID: 4675218819700908, guid: 5c13d4d34b4db0b4a9225027d47fbd12,
    type: 3}
  m_PrefabInstance: {fileID: 3323149269123043872}
  m_PrefabAsset: {fileID: 0}
--- !u!1001 &4963931616966047549
PrefabInstance:
  m_ObjectHideFlags: 0
  serializedVersion: 2
  m_Modification:
    m_TransformParent: {fileID: 4267810614728770461}
    m_Modifications:
    - target: {fileID: 100000, guid: bdca1e7e611356149a964ff8448aa908, type: 3}
      propertyPath: m_Name
      value: Cavern_Bush-01
      objectReference: {fileID: 0}
    - target: {fileID: 400000, guid: bdca1e7e611356149a964ff8448aa908, type: 3}
      propertyPath: m_LocalPosition.x
      value: -0.519
      objectReference: {fileID: 0}
    - target: {fileID: 400000, guid: bdca1e7e611356149a964ff8448aa908, type: 3}
      propertyPath: m_LocalPosition.y
      value: -0.35
      objectReference: {fileID: 0}
    - target: {fileID: 400000, guid: bdca1e7e611356149a964ff8448aa908, type: 3}
      propertyPath: m_LocalPosition.z
      value: -0.274
      objectReference: {fileID: 0}
    - target: {fileID: 400000, guid: bdca1e7e611356149a964ff8448aa908, type: 3}
      propertyPath: m_LocalRotation.x
      value: -0.7071068
      objectReference: {fileID: 0}
    - target: {fileID: 400000, guid: bdca1e7e611356149a964ff8448aa908, type: 3}
      propertyPath: m_LocalRotation.y
      value: -0
      objectReference: {fileID: 0}
    - target: {fileID: 400000, guid: bdca1e7e611356149a964ff8448aa908, type: 3}
      propertyPath: m_LocalRotation.z
      value: -0
      objectReference: {fileID: 0}
    - target: {fileID: 400000, guid: bdca1e7e611356149a964ff8448aa908, type: 3}
      propertyPath: m_LocalRotation.w
      value: 0.7071068
      objectReference: {fileID: 0}
    - target: {fileID: 400000, guid: bdca1e7e611356149a964ff8448aa908, type: 3}
      propertyPath: m_RootOrder
      value: 8
      objectReference: {fileID: 0}
    - target: {fileID: 400000, guid: bdca1e7e611356149a964ff8448aa908, type: 3}
      propertyPath: m_LocalEulerAnglesHint.x
      value: 0
      objectReference: {fileID: 0}
    - target: {fileID: 400000, guid: bdca1e7e611356149a964ff8448aa908, type: 3}
      propertyPath: m_LocalEulerAnglesHint.y
      value: 0
      objectReference: {fileID: 0}
    - target: {fileID: 400000, guid: bdca1e7e611356149a964ff8448aa908, type: 3}
      propertyPath: m_LocalEulerAnglesHint.z
      value: 0
      objectReference: {fileID: 0}
    - target: {fileID: 400000, guid: bdca1e7e611356149a964ff8448aa908, type: 3}
      propertyPath: m_LocalScale.x
      value: 0.1
      objectReference: {fileID: 0}
    - target: {fileID: 400000, guid: bdca1e7e611356149a964ff8448aa908, type: 3}
      propertyPath: m_LocalScale.y
      value: 0.0666667
      objectReference: {fileID: 0}
    - target: {fileID: 400000, guid: bdca1e7e611356149a964ff8448aa908, type: 3}
      propertyPath: m_LocalScale.z
      value: 2.000001
      objectReference: {fileID: 0}
    m_RemovedComponents: []
  m_SourcePrefab: {fileID: 100100000, guid: bdca1e7e611356149a964ff8448aa908, type: 3}
--- !u!4 &4963931616965651901 stripped
Transform:
  m_CorrespondingSourceObject: {fileID: 400000, guid: bdca1e7e611356149a964ff8448aa908,
    type: 3}
  m_PrefabInstance: {fileID: 4963931616966047549}
  m_PrefabAsset: {fileID: 0}
--- !u!1001 &5329450688782056403
PrefabInstance:
  m_ObjectHideFlags: 0
  serializedVersion: 2
  m_Modification:
    m_TransformParent: {fileID: 4267810614728770461}
    m_Modifications:
    - target: {fileID: 1262419212798282179, guid: bbe32bc95489b4d4d8d02fba446001e9,
        type: 3}
      propertyPath: m_Name
      value: PREFAB_oak_tree_02
      objectReference: {fileID: 0}
    - target: {fileID: 1262419212798776803, guid: bbe32bc95489b4d4d8d02fba446001e9,
        type: 3}
      propertyPath: m_LocalPosition.x
      value: 0.42754
      objectReference: {fileID: 0}
    - target: {fileID: 1262419212798776803, guid: bbe32bc95489b4d4d8d02fba446001e9,
        type: 3}
      propertyPath: m_LocalPosition.y
      value: -0.4
      objectReference: {fileID: 0}
    - target: {fileID: 1262419212798776803, guid: bbe32bc95489b4d4d8d02fba446001e9,
        type: 3}
      propertyPath: m_LocalPosition.z
      value: 0.2513
      objectReference: {fileID: 0}
    - target: {fileID: 1262419212798776803, guid: bbe32bc95489b4d4d8d02fba446001e9,
        type: 3}
      propertyPath: m_LocalRotation.x
      value: 0.000000021855694
      objectReference: {fileID: 0}
    - target: {fileID: 1262419212798776803, guid: bbe32bc95489b4d4d8d02fba446001e9,
        type: 3}
      propertyPath: m_LocalRotation.y
      value: -0
      objectReference: {fileID: 0}
    - target: {fileID: 1262419212798776803, guid: bbe32bc95489b4d4d8d02fba446001e9,
        type: 3}
      propertyPath: m_LocalRotation.z
      value: -0
      objectReference: {fileID: 0}
    - target: {fileID: 1262419212798776803, guid: bbe32bc95489b4d4d8d02fba446001e9,
        type: 3}
      propertyPath: m_LocalRotation.w
      value: 1
      objectReference: {fileID: 0}
    - target: {fileID: 1262419212798776803, guid: bbe32bc95489b4d4d8d02fba446001e9,
        type: 3}
      propertyPath: m_RootOrder
      value: 1
      objectReference: {fileID: 0}
    - target: {fileID: 1262419212798776803, guid: bbe32bc95489b4d4d8d02fba446001e9,
        type: 3}
      propertyPath: m_LocalEulerAnglesHint.x
      value: 0
      objectReference: {fileID: 0}
    - target: {fileID: 1262419212798776803, guid: bbe32bc95489b4d4d8d02fba446001e9,
        type: 3}
      propertyPath: m_LocalEulerAnglesHint.y
      value: 0
      objectReference: {fileID: 0}
    - target: {fileID: 1262419212798776803, guid: bbe32bc95489b4d4d8d02fba446001e9,
        type: 3}
      propertyPath: m_LocalEulerAnglesHint.z
      value: 0
      objectReference: {fileID: 0}
    - target: {fileID: 1262419212798776803, guid: bbe32bc95489b4d4d8d02fba446001e9,
        type: 3}
      propertyPath: m_LocalScale.x
      value: 0.090586
      objectReference: {fileID: 0}
    - target: {fileID: 1262419212798776803, guid: bbe32bc95489b4d4d8d02fba446001e9,
        type: 3}
      propertyPath: m_LocalScale.y
      value: 1.81172
      objectReference: {fileID: 0}
    - target: {fileID: 1262419212798776803, guid: bbe32bc95489b4d4d8d02fba446001e9,
        type: 3}
      propertyPath: m_LocalScale.z
      value: 0.06039067
      objectReference: {fileID: 0}
    - target: {fileID: 2742925734966479252, guid: bbe32bc95489b4d4d8d02fba446001e9,
        type: 3}
      propertyPath: m_Enabled
      value: 0
      objectReference: {fileID: 0}
    m_RemovedComponents:
    - {fileID: 2742925734966479252, guid: bbe32bc95489b4d4d8d02fba446001e9, type: 3}
  m_SourcePrefab: {fileID: 100100000, guid: bbe32bc95489b4d4d8d02fba446001e9, type: 3}
--- !u!4 &6373438721499295280 stripped
Transform:
  m_CorrespondingSourceObject: {fileID: 1262419212798776803, guid: bbe32bc95489b4d4d8d02fba446001e9,
    type: 3}
  m_PrefabInstance: {fileID: 5329450688782056403}
  m_PrefabAsset: {fileID: 0}
--- !u!1001 &5361849960886983651
PrefabInstance:
  m_ObjectHideFlags: 0
  serializedVersion: 2
  m_Modification:
    m_TransformParent: {fileID: 4267810614728770461}
    m_Modifications:
    - target: {fileID: 4002954342446400, guid: 78891def003b753409a60336bd36be65, type: 3}
      propertyPath: m_LocalPosition.x
      value: -0.45705
      objectReference: {fileID: 0}
    - target: {fileID: 4002954342446400, guid: 78891def003b753409a60336bd36be65, type: 3}
      propertyPath: m_LocalPosition.y
      value: -0.09
      objectReference: {fileID: 0}
    - target: {fileID: 4002954342446400, guid: 78891def003b753409a60336bd36be65, type: 3}
      propertyPath: m_LocalPosition.z
      value: -0.195
      objectReference: {fileID: 0}
    - target: {fileID: 4002954342446400, guid: 78891def003b753409a60336bd36be65, type: 3}
      propertyPath: m_LocalRotation.x
      value: -0
      objectReference: {fileID: 0}
    - target: {fileID: 4002954342446400, guid: 78891def003b753409a60336bd36be65, type: 3}
      propertyPath: m_LocalRotation.y
      value: -0
      objectReference: {fileID: 0}
    - target: {fileID: 4002954342446400, guid: 78891def003b753409a60336bd36be65, type: 3}
      propertyPath: m_LocalRotation.z
      value: -0
      objectReference: {fileID: 0}
    - target: {fileID: 4002954342446400, guid: 78891def003b753409a60336bd36be65, type: 3}
      propertyPath: m_LocalRotation.w
      value: 1
      objectReference: {fileID: 0}
    - target: {fileID: 4002954342446400, guid: 78891def003b753409a60336bd36be65, type: 3}
      propertyPath: m_RootOrder
      value: 6
      objectReference: {fileID: 0}
    - target: {fileID: 4002954342446400, guid: 78891def003b753409a60336bd36be65, type: 3}
      propertyPath: m_LocalEulerAnglesHint.x
      value: 0
      objectReference: {fileID: 0}
    - target: {fileID: 4002954342446400, guid: 78891def003b753409a60336bd36be65, type: 3}
      propertyPath: m_LocalEulerAnglesHint.y
      value: 0
      objectReference: {fileID: 0}
    - target: {fileID: 4002954342446400, guid: 78891def003b753409a60336bd36be65, type: 3}
      propertyPath: m_LocalEulerAnglesHint.z
      value: 0
      objectReference: {fileID: 0}
    - target: {fileID: 4002954342446400, guid: 78891def003b753409a60336bd36be65, type: 3}
      propertyPath: m_LocalScale.x
      value: 0.13628
      objectReference: {fileID: 0}
    - target: {fileID: 4002954342446400, guid: 78891def003b753409a60336bd36be65, type: 3}
      propertyPath: m_LocalScale.y
      value: 2.7256
      objectReference: {fileID: 0}
    - target: {fileID: 4002954342446400, guid: 78891def003b753409a60336bd36be65, type: 3}
      propertyPath: m_LocalScale.z
      value: 0.09085334
      objectReference: {fileID: 0}
    - target: {fileID: 1830007940898270, guid: 78891def003b753409a60336bd36be65, type: 3}
      propertyPath: m_Name
      value: PREFAB_pine_stump
      objectReference: {fileID: 0}
    m_RemovedComponents:
    - {fileID: 64057181451448778, guid: 78891def003b753409a60336bd36be65, type: 3}
  m_SourcePrefab: {fileID: 100100000, guid: 78891def003b753409a60336bd36be65, type: 3}
--- !u!4 &5361296264115678883 stripped
Transform:
  m_CorrespondingSourceObject: {fileID: 4002954342446400, guid: 78891def003b753409a60336bd36be65,
    type: 3}
  m_PrefabInstance: {fileID: 5361849960886983651}
  m_PrefabAsset: {fileID: 0}
--- !u!1001 &6431914559186635265
PrefabInstance:
  m_ObjectHideFlags: 0
  serializedVersion: 2
  m_Modification:
    m_TransformParent: {fileID: 4267810614728770461}
    m_Modifications:
    - target: {fileID: 1776519949985948295, guid: 13eaa0b9edc6f1b4a975247b50efe4f0,
        type: 3}
      propertyPath: m_Name
      value: PREFAB_oak_tree_01
      objectReference: {fileID: 0}
    - target: {fileID: 1776519949985595047, guid: 13eaa0b9edc6f1b4a975247b50efe4f0,
        type: 3}
      propertyPath: m_LocalPosition.x
      value: -0.44064
      objectReference: {fileID: 0}
    - target: {fileID: 1776519949985595047, guid: 13eaa0b9edc6f1b4a975247b50efe4f0,
        type: 3}
      propertyPath: m_LocalPosition.y
      value: -0.33
      objectReference: {fileID: 0}
    - target: {fileID: 1776519949985595047, guid: 13eaa0b9edc6f1b4a975247b50efe4f0,
        type: 3}
      propertyPath: m_LocalPosition.z
      value: -0.39193
      objectReference: {fileID: 0}
    - target: {fileID: 1776519949985595047, guid: 13eaa0b9edc6f1b4a975247b50efe4f0,
        type: 3}
      propertyPath: m_LocalRotation.x
      value: 0.00000002127666
      objectReference: {fileID: 0}
    - target: {fileID: 1776519949985595047, guid: 13eaa0b9edc6f1b4a975247b50efe4f0,
        type: 3}
      propertyPath: m_LocalRotation.y
      value: 0.22866209
      objectReference: {fileID: 0}
    - target: {fileID: 1776519949985595047, guid: 13eaa0b9edc6f1b4a975247b50efe4f0,
        type: 3}
      propertyPath: m_LocalRotation.z
      value: -0.0000000049975704
      objectReference: {fileID: 0}
    - target: {fileID: 1776519949985595047, guid: 13eaa0b9edc6f1b4a975247b50efe4f0,
        type: 3}
      propertyPath: m_LocalRotation.w
      value: 0.97350585
      objectReference: {fileID: 0}
    - target: {fileID: 1776519949985595047, guid: 13eaa0b9edc6f1b4a975247b50efe4f0,
        type: 3}
      propertyPath: m_RootOrder
      value: 0
      objectReference: {fileID: 0}
    - target: {fileID: 1776519949985595047, guid: 13eaa0b9edc6f1b4a975247b50efe4f0,
        type: 3}
      propertyPath: m_LocalEulerAnglesHint.x
      value: 0
      objectReference: {fileID: 0}
    - target: {fileID: 1776519949985595047, guid: 13eaa0b9edc6f1b4a975247b50efe4f0,
        type: 3}
      propertyPath: m_LocalEulerAnglesHint.y
      value: 26.437002
      objectReference: {fileID: 0}
    - target: {fileID: 1776519949985595047, guid: 13eaa0b9edc6f1b4a975247b50efe4f0,
        type: 3}
      propertyPath: m_LocalEulerAnglesHint.z
      value: 0
      objectReference: {fileID: 0}
    - target: {fileID: 1776519949985595047, guid: 13eaa0b9edc6f1b4a975247b50efe4f0,
        type: 3}
      propertyPath: m_LocalScale.x
      value: 0.115890004
      objectReference: {fileID: 0}
    - target: {fileID: 1776519949985595047, guid: 13eaa0b9edc6f1b4a975247b50efe4f0,
        type: 3}
      propertyPath: m_LocalScale.y
      value: 2.3178
      objectReference: {fileID: 0}
    - target: {fileID: 1776519949985595047, guid: 13eaa0b9edc6f1b4a975247b50efe4f0,
        type: 3}
      propertyPath: m_LocalScale.z
      value: 0.07726
      objectReference: {fileID: 0}
    - target: {fileID: 5357981781269077095, guid: 13eaa0b9edc6f1b4a975247b50efe4f0,
        type: 3}
      propertyPath: m_Enabled
      value: 0
      objectReference: {fileID: 0}
    m_RemovedComponents:
    - {fileID: 5357981781269077095, guid: 13eaa0b9edc6f1b4a975247b50efe4f0, type: 3}
  m_SourcePrefab: {fileID: 100100000, guid: 13eaa0b9edc6f1b4a975247b50efe4f0, type: 3}
--- !u!4 &4748402927074456742 stripped
Transform:
  m_CorrespondingSourceObject: {fileID: 1776519949985595047, guid: 13eaa0b9edc6f1b4a975247b50efe4f0,
    type: 3}
  m_PrefabInstance: {fileID: 6431914559186635265}
  m_PrefabAsset: {fileID: 0}
--- !u!1001 &6795549504627207330
PrefabInstance:
  m_ObjectHideFlags: 0
  serializedVersion: 2
  m_Modification:
    m_TransformParent: {fileID: 4267810614728770461}
    m_Modifications:
    - target: {fileID: 100000, guid: a1c344b2dc2fa754a9a1d5309b293f75, type: 3}
      propertyPath: m_Name
      value: CrystalShardCluster_B
      objectReference: {fileID: 0}
    - target: {fileID: 400000, guid: a1c344b2dc2fa754a9a1d5309b293f75, type: 3}
      propertyPath: m_LocalPosition.x
      value: 0.359
      objectReference: {fileID: 0}
    - target: {fileID: 400000, guid: a1c344b2dc2fa754a9a1d5309b293f75, type: 3}
      propertyPath: m_LocalPosition.y
      value: 0.01
      objectReference: {fileID: 0}
    - target: {fileID: 400000, guid: a1c344b2dc2fa754a9a1d5309b293f75, type: 3}
      propertyPath: m_LocalPosition.z
      value: 0.32118
      objectReference: {fileID: 0}
    - target: {fileID: 400000, guid: a1c344b2dc2fa754a9a1d5309b293f75, type: 3}
      propertyPath: m_LocalRotation.x
      value: 0.000000021855694
      objectReference: {fileID: 0}
    - target: {fileID: 400000, guid: a1c344b2dc2fa754a9a1d5309b293f75, type: 3}
      propertyPath: m_LocalRotation.y
      value: -0
      objectReference: {fileID: 0}
    - target: {fileID: 400000, guid: a1c344b2dc2fa754a9a1d5309b293f75, type: 3}
      propertyPath: m_LocalRotation.z
      value: -0
      objectReference: {fileID: 0}
    - target: {fileID: 400000, guid: a1c344b2dc2fa754a9a1d5309b293f75, type: 3}
      propertyPath: m_LocalRotation.w
      value: 1
      objectReference: {fileID: 0}
    - target: {fileID: 400000, guid: a1c344b2dc2fa754a9a1d5309b293f75, type: 3}
      propertyPath: m_RootOrder
      value: 12
      objectReference: {fileID: 0}
    - target: {fileID: 400000, guid: a1c344b2dc2fa754a9a1d5309b293f75, type: 3}
      propertyPath: m_LocalEulerAnglesHint.x
      value: 0
      objectReference: {fileID: 0}
    - target: {fileID: 400000, guid: a1c344b2dc2fa754a9a1d5309b293f75, type: 3}
      propertyPath: m_LocalEulerAnglesHint.y
      value: 0
      objectReference: {fileID: 0}
    - target: {fileID: 400000, guid: a1c344b2dc2fa754a9a1d5309b293f75, type: 3}
      propertyPath: m_LocalEulerAnglesHint.z
      value: 0
      objectReference: {fileID: 0}
    - target: {fileID: 400000, guid: a1c344b2dc2fa754a9a1d5309b293f75, type: 3}
      propertyPath: m_LocalScale.x
      value: 0.059008997
      objectReference: {fileID: 0}
    - target: {fileID: 400000, guid: a1c344b2dc2fa754a9a1d5309b293f75, type: 3}
      propertyPath: m_LocalScale.y
      value: 1.18018
      objectReference: {fileID: 0}
    - target: {fileID: 400000, guid: a1c344b2dc2fa754a9a1d5309b293f75, type: 3}
      propertyPath: m_LocalScale.z
      value: 0.039339334
      objectReference: {fileID: 0}
    - target: {fileID: 2300000, guid: a1c344b2dc2fa754a9a1d5309b293f75, type: 3}
      propertyPath: m_Materials.Array.data[0]
      value: 
      objectReference: {fileID: 2100000, guid: 5c40e217fdcdc5b4cbc6019797fe804f, type: 2}
    m_RemovedComponents: []
  m_SourcePrefab: {fileID: 100100000, guid: a1c344b2dc2fa754a9a1d5309b293f75, type: 3}
--- !u!4 &6795549504627340834 stripped
Transform:
  m_CorrespondingSourceObject: {fileID: 400000, guid: a1c344b2dc2fa754a9a1d5309b293f75,
    type: 3}
  m_PrefabInstance: {fileID: 6795549504627207330}
  m_PrefabAsset: {fileID: 0}
--- !u!1001 &9011943114240949875
PrefabInstance:
  m_ObjectHideFlags: 0
  serializedVersion: 2
  m_Modification:
    m_TransformParent: {fileID: 4267810614728770461}
    m_Modifications:
    - target: {fileID: 216673102190676575, guid: e00c88fe565e91e4a98e9d607b26c8e3,
        type: 3}
      propertyPath: m_Name
      value: PREFAB_oak_tree_04
      objectReference: {fileID: 0}
    - target: {fileID: 216673102190515839, guid: e00c88fe565e91e4a98e9d607b26c8e3,
        type: 3}
      propertyPath: m_LocalPosition.x
      value: -0.48886
      objectReference: {fileID: 0}
    - target: {fileID: 216673102190515839, guid: e00c88fe565e91e4a98e9d607b26c8e3,
        type: 3}
      propertyPath: m_LocalPosition.y
      value: -2.1
      objectReference: {fileID: 0}
    - target: {fileID: 216673102190515839, guid: e00c88fe565e91e4a98e9d607b26c8e3,
        type: 3}
      propertyPath: m_LocalPosition.z
      value: 0.35203
      objectReference: {fileID: 0}
    - target: {fileID: 216673102190515839, guid: e00c88fe565e91e4a98e9d607b26c8e3,
        type: 3}
      propertyPath: m_LocalRotation.x
      value: 0.000000021855694
      objectReference: {fileID: 0}
    - target: {fileID: 216673102190515839, guid: e00c88fe565e91e4a98e9d607b26c8e3,
        type: 3}
      propertyPath: m_LocalRotation.y
      value: -0
      objectReference: {fileID: 0}
    - target: {fileID: 216673102190515839, guid: e00c88fe565e91e4a98e9d607b26c8e3,
        type: 3}
      propertyPath: m_LocalRotation.z
      value: -0
      objectReference: {fileID: 0}
    - target: {fileID: 216673102190515839, guid: e00c88fe565e91e4a98e9d607b26c8e3,
        type: 3}
      propertyPath: m_LocalRotation.w
      value: 1
      objectReference: {fileID: 0}
    - target: {fileID: 216673102190515839, guid: e00c88fe565e91e4a98e9d607b26c8e3,
        type: 3}
      propertyPath: m_RootOrder
      value: 2
      objectReference: {fileID: 0}
    - target: {fileID: 216673102190515839, guid: e00c88fe565e91e4a98e9d607b26c8e3,
        type: 3}
      propertyPath: m_LocalEulerAnglesHint.x
      value: 0
      objectReference: {fileID: 0}
    - target: {fileID: 216673102190515839, guid: e00c88fe565e91e4a98e9d607b26c8e3,
        type: 3}
      propertyPath: m_LocalEulerAnglesHint.y
      value: 0
      objectReference: {fileID: 0}
    - target: {fileID: 216673102190515839, guid: e00c88fe565e91e4a98e9d607b26c8e3,
        type: 3}
      propertyPath: m_LocalEulerAnglesHint.z
      value: 0
      objectReference: {fileID: 0}
    - target: {fileID: 216673102190515839, guid: e00c88fe565e91e4a98e9d607b26c8e3,
        type: 3}
      propertyPath: m_LocalScale.x
      value: 0.072424
      objectReference: {fileID: 0}
    - target: {fileID: 216673102190515839, guid: e00c88fe565e91e4a98e9d607b26c8e3,
        type: 3}
      propertyPath: m_LocalScale.y
      value: 1.44848
      objectReference: {fileID: 0}
    - target: {fileID: 216673102190515839, guid: e00c88fe565e91e4a98e9d607b26c8e3,
        type: 3}
      propertyPath: m_LocalScale.z
      value: 0.048282668
      objectReference: {fileID: 0}
    - target: {fileID: 5775717067193253189, guid: e00c88fe565e91e4a98e9d607b26c8e3,
        type: 3}
      propertyPath: m_Enabled
      value: 0
      objectReference: {fileID: 0}
    m_RemovedComponents:
    - {fileID: 5775717067193253189, guid: e00c88fe565e91e4a98e9d607b26c8e3, type: 3}
  m_SourcePrefab: {fileID: 100100000, guid: e00c88fe565e91e4a98e9d607b26c8e3, type: 3}
--- !u!4 &9084074401995515916 stripped
Transform:
  m_CorrespondingSourceObject: {fileID: 216673102190515839, guid: e00c88fe565e91e4a98e9d607b26c8e3,
    type: 3}
  m_PrefabInstance: {fileID: 9011943114240949875}
  m_PrefabAsset: {fileID: 0}
